@misc{remoteshhell,
howpublished={\url{https://www.unix.com/man-page/mojave/1/rsh}},
}

@misc{mpi,
howpublished={\url{https://www.open-mpi.org/}},
}

@misc{rsa,
howpublished={\url{https://medium.com/@jinkyulim96/algorithms-explained-rsa-encryption-9a37083aaa62}},
}